@article { zhanghui2004magic,
    title = {既发散又收敛的无穷级数},
    author = {张慧},
    journal = {陕西科技大学学报},
    year = {2004},
    volume = {22},
    number = {4}
}